<record><leader>00000cas a22000007a 4500</leader><controlfield tag="001">26963687</controlfield><controlfield tag="008">921112c19099999ncudn ne      0    0eng d</controlfield><datafield ind1=" " ind2=" " tag="010"><subfield code="a">sn 92073212 </subfield></datafield><datafield ind1=" " ind2=" " tag="040"><subfield code="a">NVJ</subfield><subfield code="b">eng</subfield><subfield code="c">NVJ</subfield><subfield code="d">CUS</subfield><subfield code="d">OCLCQ</subfield><subfield code="d">OCLCF</subfield></datafield><datafield ind1=" " ind2=" " tag="042"><subfield code="a">msc</subfield></datafield><datafield ind1=" " ind2=" " tag="043"><subfield code="a">n-us-nc</subfield></datafield><datafield ind1="1" ind2="4" tag="050"><subfield code="a">Newspaper</subfield></datafield><datafield ind1="0" ind2=" " tag="130"><subfield code="a">High Point enterprise (High Point, N.C. : Daily)</subfield></datafield><datafield ind1="1" ind2="4" tag="245"><subfield code="a">The High Point enterprise.</subfield></datafield><datafield ind1="1" ind2="3" tag="246"><subfield code="a">Sunday enterprise</subfield></datafield><datafield ind1=" " ind2=" " tag="260"><subfield code="a">High Point, N.C. :</subfield><subfield code="b">J.J. Farriss</subfield></datafield><datafield ind1=" " ind2=" " tag="300"><subfield code="a">v.</subfield></datafield><datafield ind1=" " ind2=" " tag="310"><subfield code="a">Daily,</subfield><subfield code="b">Aug. 26, 1923-</subfield></datafield><datafield ind1=" " ind2=" " tag="321"><subfield code="a">Daily (except Sunday),</subfield><subfield code="b">Jan. 25, 1909-Aug. 25, 1923</subfield></datafield><datafield ind1="0" ind2=" " tag="362"><subfield code="a">Vol. 12, no. 20 (Jan. 25, 1909)-</subfield></datafield><datafield ind1=" " ind2=" " tag="500"><subfield code="a">On Sundays published as: Sunday enterprise, Aug. 26, 1923-Feb. 28, 1926.</subfield></datafield><datafield ind1=" " ind2=" " tag="580"><subfield code="a">Weekly ed.: High Point enterprise (High Point, N.C. : Weekly), &lt;1912-1915&gt;.</subfield></datafield><datafield ind1=" " ind2="0" tag="651"><subfield code="a">High Point (N.C.)</subfield></datafield><datafield ind1=" " ind2="7" tag="651"><subfield code="a">North Carolina</subfield><subfield code="z">High Point.</subfield><subfield code="2">fast</subfield><subfield code="0">(OCoLC)fst01216513</subfield></datafield><datafield ind1=" " ind2=" " tag="752"><subfield code="a">United States</subfield><subfield code="b">North Carolina</subfield><subfield code="c">Guilford</subfield><subfield code="d">High Point.</subfield></datafield><datafield ind1="1" ind2=" " tag="775"><subfield code="t">High Point enterprise (High Point, N.C. : Weekly)</subfield><subfield code="w">(DLC)sn 84007756</subfield><subfield code="w">(OCoLC)10579072</subfield></datafield><datafield ind1="0" ind2="8" tag="776"><subfield code="i">Online version:</subfield><subfield code="t">High Point enterprise (High Point, N.C. : Daily : Online)</subfield><subfield code="w">(OCoLC)45163406</subfield></datafield><datafield ind1="0" ind2="0" tag="780"><subfield code="t">Daily enterprise (High Point, N.C.)</subfield><subfield code="w">(DLC)sn 92073211</subfield></datafield></record>